@article{Berry2009,
    title = {{A critique of critical acculturation}},
    year = {2009},
    journal = {International Journal of Intercultural Relations},
    author = {Berry, John W.},
    number = {5},
    pages = {361--371},
    volume = {33},
    isbn = {1465004050052},
    doi = {10.1016/j.ijintrel.2009.06.003},
    issn = {01471767},
    pmid = {21489670},
    keywords = {Human science, Knowledge, Understanding}
}

@article{Pettigrew2006,
    title = {{A meta-analytic test of intergroup contact theory}},
    year = {2006},
    journal = {Journal of Personality and Social Psychology},
    author = {Pettigrew, Thomas F. and Tropp, Linda R.},
    number = {5},
    pages = {751--783},
    volume = {90},
    doi = {10.1037/0022-3514.90.5.751},
    pmid = {16737372},
    keywords = {Intergroup contact, Intergroup prejudice, Meta-analysis}
}

@article{Miles2014,
    title = {{A meta-analytic test of the imagined contact hypothesis}},
    year = {2014},
    journal = {Group Processes and Intergroup Relations},
    author = {Miles, Eleanor and Crisp, Richard J.},
    number = {1},
    pages = {3--26},
    volume = {17},
    doi = {10.1177/1368430213510573},
    issn = {14617188},
    keywords = {Imagined contact, Intergroup contact, Mental simulation, Prejudice}
}

@article{Shnabel2008,
    title = {{A needs-based model of reconciliation: satisfying the differential emotional needs of victim and perpetrator as a key to promoting reconciliation.}},
    year = {2008},
    journal = {Journal of personality and social psychology},
    author = {Shnabel, Nurit and Nadler, Arie},
    number = {1},
    pages = {116--132},
    volume = {94},
    doi = {10.1037/0022-3514.94.1.116},
    pmid = {18179322},
    keywords = {1998, and its resolution has, based on, conflict resolution, decades, emotional needs, generated much, in the last few, in this field is, jones, most of the research, perpetrators, pruitt, reconciliation, the study of conflict, theoretical and empirical interest, victims}
}

@article{Sam2010,
    title = {{Acculturation: When Individuals and Groups of Different Cultural Backgrounds Meet}},
    year = {2010},
    journal = {Perspectives on Psychological Science},
    author = {Sam, David L. and Berry, John W.},
    number = {4},
    month = {7},
    pages = {472--481},
    volume = {5},
    url = {http://journals.sagepub.com/doi/10.1177/1745691610373075},
    doi = {10.1177/1745691610373075},
    pmid = {26162193},
    keywords = {Acculturation, Acculturation strategies, Acculturative stress, Cultural learning, Development, Psychological adaptation, Sociocultural adaptation}
}

@article{Tourangeau2017,
    title = {{Adaptive and responsive survey designs: a review and assessment}},
    year = {2017},
    journal = {Journal of the Royal Statistical Society. Series A: Statistics in Society},
    author = {Tourangeau, Roger and Michael Brick, J. and Lohr, Sharon and Li, Jane},
    number = {1},
    pages = {203--223},
    volume = {180},
    doi = {10.1111/rssa.12186},
    issn = {1467985X},
    keywords = {Adaptive design, Balance indicators, Non-response bias, R-indicator, Responsive design, Two-phase sampling}
}

@article{Brown2005,
    title = {{An integrative theory of intergroup contact}},
    year = {2005},
    journal = {Advances in Experimental Social Psychology},
    author = {Brown, Rupert and Hewstone, Miles},
    pages = {255--343},
    volume = {37},
    isbn = {0120152371},
    doi = {10.1016/S0065-2601(05)37005-5},
    issn = {00652601},
    pmid = {17175606},
    arxivId = {arXiv:1011.1669v3}
}

@article{Dixon2005,
    title = {{Beyond the optimal contact strategy: A reality check for the contact hypothesis}},
    year = {2005},
    journal = {American Psychologist},
    author = {Dixon, John and Durrheim, Kevin and Tredoux, Colin},
    number = {7},
    pages = {697--711},
    volume = {60},
    doi = {10.1037/0003-066X.60.7.697},
    issn = {0003066X},
    pmid = {16221003},
    keywords = {Contact hypothesis, Desegregation, Racism}
}

@article{Reimer2021,
    title = {{Building social cohesion through intergroup contact: Evaluation of a large-scale intervention to improve intergroup relations among adolescents}},
    year = {2021},
    journal = {Journal of Youth and Adolescence},
    author = {Reimer, Nils Karl and Love, Angelika and W{\"{o}}lfer, Ralf and Hewstone, Miles},
    number = {6},
    pages = {1049--1067},
    volume = {50},
    publisher = {Springer US},
    url = {http://dx.doi.org/10.1007/s10964-021-01400-8},
    doi = {10.1007/s10964-021-01400-8},
    issn = {15736601},
    pmid = {33599936},
    keywords = {Adolescents, Intergroup contact, Intergroup relations, Interventions, Youth engagement programs}
}

@article{Lemmer2015,
    title = {{Can we really reduce ethnic prejudice outside the lab? A meta-analysis of direct and indirect contact interventions}},
    year = {2015},
    journal = {European Journal of Social Psychology},
    author = {Lemmer, Gunnar and Wagner, Ulrich},
    number = {2},
    pages = {152--168},
    volume = {45},
    doi = {10.1002/ejsp.2079},
    issn = {10990992}
}

@incollection{Hewstone1996,
    title = {{Contact and categorization: Social psychological interventions to change intergroup relations}},
    year = {1996},
    booktitle = {Stereotypes and stereotyping},
    author = {Hewstone, Miles},
    editor = {Macrae, N. and Stangor, C. and Hewstone, Miles},
    pages = {323--368},
    publisher = {Guildford}
}

@article{Keil2020,
    title = {{Contact Logger: Measuring everyday intergroup contact experiences in near-time}},
    year = {2020},
    journal = {Behavior Research Methods},
    author = {Keil, Tina F. and Koschate, Miriam and Levine, Mark},
    number = {4},
    pages = {1568--1586},
    volume = {52},
    publisher = {Behavior Research Methods},
    doi = {10.3758/s13428-019-01335-w},
    issn = {15543528},
    pmid = {31965475},
    keywords = {Ecological momentary assessment, Everyday contact, Experience sampling, Intergenerational contact, Intergroup contact, Mobile smartphone technology, Near-time data collection, Usability}
}

@article{Davies2011,
    title = {{Cross-group friendships and intergroup attitudes: A meta-analytic review}},
    year = {2011},
    journal = {Personality and Social Psychology Review},
    author = {Davies, Kristin and Tropp, Linda R. and Aron, Arthur and Pettigrew, Thomas F. and Wright, Stephen C.},
    number = {4},
    pages = {332--351},
    volume = {15},
    doi = {10.1177/1088868311411103},
    issn = {10888683},
    pmid = {21844287},
    keywords = {attitudes, close relationships, friendship, group processes, intergroup relations, interpersonal processes, prejudice, stereotyping}
}

@article{Tropp2021,
    title = {{Crossing to safety: Attachment processes in intergroup contact}},
    year = {2021},
    journal = {Journal of Social Issues},
    author = {Tropp, Linda R.},
    number = {1},
    pages = {86--104},
    volume = {77},
    doi = {10.1111/josi.12426},
    issn = {15404560}
}

@article{Hamaker2020,
    title = {{Description, prediction and causation: Methodological challenges of studying child and adolescent development}},
    year = {2020},
    journal = {Developmental Cognitive Neuroscience},
    author = {Hamaker, Ellen L. and Mulder, Jeroen D. and van IJzendoorn, Marinus H.},
    number = {September},
    month = {12},
    pages = {100867},
    volume = {46},
    publisher = {Elsevier Ltd},
    url = {https://doi.org/10.1016/j.dcn.2020.100867 https://linkinghub.elsevier.com/retrieve/pii/S1878929320301171},
    doi = {10.1016/j.dcn.2020.100867},
    issn = {18789293},
    pmid = {33186867},
    keywords = {Causality, Developmental science, Directed acyclical graphs, Mendelian randomization, Radical randomization, Target trials}
}

@article{Islam1993,
    title = {{Dimensions of Contact as Predictors of Intergroup Anxiety, Perceived Out-Group Variability, and Out-Group Attitude: An Integrative Model}},
    year = {1993},
    journal = {Personality and Social Psychology Bulletin},
    author = {Islam, Mir Rabiul and Hewstone, Miles},
    number = {6},
    month = {12},
    pages = {700--710},
    volume = {19},
    url = {http://journals.sagepub.com/doi/10.1177/0146167293196005},
    doi = {10.1177/0146167293196005},
    issn = {0146-1672}
}

@article{Paolini2004,
    title = {{Effects of direct and indirect cross-group friendships on judgments of catholics and protestants in northern ireland: The mediating role of an anxiety-reduction mechanism}},
    year = {2004},
    journal = {Personality and Social Psychology Bulletin},
    author = {Paolini, Stefania and Hewstone, Miles and Cairns, Ed and Voci, Alberto},
    number = {6},
    pages = {770--786},
    volume = {30},
    isbn = {0042983460},
    doi = {10.1177/0146167203262848},
    issn = {01461672},
    pmid = {15155040},
    keywords = {Anxiety, Contact hypothesis, Friendship, Generalization, Group variability}
}

@article{Celebi2017,
    title = {{Ethnic identification, discrimination, and mental and physical health among Syrian refugees: The moderating role of identity needs}},
    year = {2017},
    journal = {European Journal of Social Psychology},
    author = {{\c{C}}elebi, Elif and Verkuyten, Maykel and Bagci, Sabahat Cigdem},
    number = {7},
    pages = {832--843},
    volume = {47},
    doi = {10.1002/ejsp.2299},
    pmid = {1965548639},
    keywords = {anxiety, depression, identity needs, perceived discrimination, refugee, social identity}
}

@article{Maxwell2017,
    title = {{Evaluating the Character of People Who Insult the Nation: Implications for Immigrant Integration}},
    year = {2017},
    journal = {Political Psychology},
    author = {Maxwell, Rahsaan and House, Lucie},
    number = {xx},
    month = {2},
    pages = {1--19},
    volume = {xx},
    url = {http://doi.wiley.com/10.1111/pops.12414},
    doi = {10.1111/pops.12414},
    issn = {0162895X},
    keywords = {Assimilation, Boundaries, Immigrant integration, National identity, National insults, Situationist, USA}
}

@book{Murray1938,
    title = {{Explorations in personality.}},
    year = {1938},
    booktitle = {Explorations in personality.},
    author = {Murray, H A},
    publisher = {Oxford University Press},
    address = {Oxford, UK}
}

@incollection{Lavrakas2008,
    title = {{Feeling Thermometer}},
    year = {2008},
    booktitle = {Encyclopedia of Survey Research Methods},
    editor = {Lavrakas, Paul J.},
    publisher = {Sage Publications, Inc.},
    url = {http://methods.sagepub.com/reference/encyclopedia-of-survey-research-methods/n183.xml},
    address = {Thousand Oaks, CA},
    doi = {10.4135/9781412963947.n183}
}

@article{Arslan2020,
    title = {{formr: A study framework allowing for automated feedback generation and complex longitudinal experience-sampling studies using R}},
    year = {2020},
    journal = {Behavior Research Methods},
    author = {Arslan, Ruben C. and Walther, Matthias P. and Tata, Cyril S.},
    number = {1},
    pages = {376--387},
    volume = {52},
    publisher = {Behavior Research Methods},
    doi = {10.3758/s13428-019-01236-y},
    issn = {15543528},
    pmid = {30937847},
    keywords = {Feedback, Online, R, Study, Survey, Web}
}

@article{Pettigrew2008,
    title = {{Future directions for intergroup contact theory and research}},
    year = {2008},
    journal = {International Journal of Intercultural Relations},
    author = {Pettigrew, Thomas F.},
    number = {3},
    pages = {187--199},
    volume = {32},
    isbn = {0147-1767},
    doi = {10.1016/j.ijintrel.2007.12.002},
    issn = {01471767},
    keywords = {Cross-group friendship, Intergroup contact, Prejudice}
}

@article{MacInnis2015,
    title = {{How can Intergroup Interaction be bad If intergroup contact Is good? Exploring and reconciling an apparent paradox in the science of intergroup relations}},
    year = {2015},
    journal = {Perspectives on Psychological Science},
    author = {MacInnis, Cara C. and Page-Gould, Elizabeth},
    number = {3},
    pages = {307--327},
    volume = {10},
    doi = {10.1177/1745691614568482},
    issn = {17456924},
    pmid = {25987510},
    keywords = {contact threshold, intergroup bias, intergroup contact, intergroup interaction, prejudice}
}

@article{Pettigrew2008c,
    title = {{How does intergroup contact reduce prejudice? Meta-analytic tests of three mediators}},
    year = {2008},
    journal = {European Journal of Social Psychology},
    author = {Pettigrew, Thomas F. and Tropp, Linda R.},
    number = {6},
    month = {9},
    pages = {922--934},
    volume = {38},
    url = {https://onlinelibrary.wiley.com/doi/10.1002/ejsp.504},
    isbn = {0022-1031},
    doi = {10.1002/ejsp.504},
    issn = {00462772},
    pmid = {18179320},
    arxivId = {1311.3475}
}

@book{McClelland1987,
    title = {{Human motivation}},
    year = {1987},
    author = {McClelland, David C},
    publisher = {Cambridge University Press},
    address = {Cambridge, UK},
    isbn = {0521369517},
    keywords = {2360:Motivation {\&} Emotion, Consciousness States, Human, Motivation, Psychology: Professional {\&} Research, book}
}

@book{Sherif1966a,
    title = {{In common predicament: Social psychology of intergroup conflict and cooperation}},
    year = {1966},
    author = {Sherif, M.},
    publisher = {Houghton Mifflin Company}
}

@article{Brown2007,
    title = {{Intergroup contact and intergroup attitudes: A longitudinal study}},
    year = {2007},
    journal = {European Journal of Social Psychology},
    author = {Brown, Rupert and Eller, Anja and Leeds, Sarah and Kim, Stace},
    number = {4},
    pages = {692--703},
    volume = {37},
    doi = {10.1002/ejsp.384},
    issn = {00462772}
}

@article{Voci2003,
    title = {{Intergroup contact and prejudice toward immigrants in Italy: The mediational role of anxiety and the moderational role of group salience}},
    year = {2003},
    journal = {Group Processes {\&} Intergroup Relations},
    author = {Voci, Alberto and Hewstone, Miles},
    number = {1},
    pages = {37--54},
    volume = {6},
    url = {http://journals.sagepub.com/doi/10.1177/1368430203006001011},
    doi = {10.1177/1368430203006001011},
    pmid = {21152},
    keywords = {anxiety, group salience, intergroup contact, mediation, moderation}
}

@article{Paolini2021,
    title = {{Intergroup contact research in the 21st century: Lessons learned and forward progress if we remain open}},
    year = {2021},
    journal = {Journal of Social Issues},
    author = {Paolini, Stefania and White, Fiona A. and Tropp, Linda R. and Turner, Rhiannon N. and Page-Gould, Elizabeth and Barlow, Fiona K. and G{\'{o}}mez, Ángel},
    number = {1},
    pages = {11--37},
    volume = {77},
    doi = {10.1111/josi.12427},
    issn = {15404560},
    keywords = {diversity in science, diversity science, intergroup contact, intergroup interactions, intergroup relations, prejudice reduction, science innovation}
}

@article{Pettigrew1998,
    title = {{Intergroup contact theory}},
    year = {1998},
    journal = {Annual Review of Psychology},
    author = {Pettigrew, Thomas F.},
    pages = {65--85},
    volume = {49},
    doi = {10.1146/annurev.psych.49.1.65},
    pmid = {15012467},
    keywords = {Affective ties, Group categorization, Ingroup reappraisal}
}

@misc{KreienkampMasked2022,
    title = {{intergroup-contact-needs [GitHub repositor: materials, computer code]}},
    year = {2022},
    author = {{Masked for Peer Review}}
}

@misc{Kreienkamp2022,
    title = {{intergroup-contact-needs [GitHub repositor: materials, computer code]}},
    year = {2022},
    author = {Kreienkamp, Jannis and Agostini, Maximilian and Bringmann, Laura F. and de Jonge, Peter and Epstude, Kai},
    url = {https://janniscodes.github.io/intergroup-contact-needs/}
}

@article{Marinucci2021,
    title = {{Intimate intergroup contact across the lifespan}},
    year = {2021},
    journal = {Journal of Social Issues},
    author = {Marinucci, Marco and Maunder, Rachel and Sanchez, Kiara and Thai, Michael and McKeown, Shelley and Turner, Rhiannon N. and Stevenson, Clifford},
    number = {1},
    month = {3},
    pages = {64--85},
    volume = {77},
    url = {https://onlinelibrary.wiley.com/doi/10.1111/josi.12399},
    doi = {10.1111/josi.12399},
    issn = {0022-4537}
}

@techreport{DeBell2010,
    title = {{Methodology report and user's guide for the 2008-2009 ANES panel study}},
    year = {2010},
    author = {DeBell, Matthew and Krosnick, Jon A and Lupia, Arthur},
    institution = {Stanford University and the University of Michigan},
    address = {Palo Alto, CA, and Ann Arbor, MI}
}

@article{Harwood2021,
    title = {{Modes of intergroup contact: If and how to interact with the outgroup}},
    year = {2021},
    journal = {Journal of Social Issues},
    author = {Harwood, Jake},
    number = {1},
    pages = {154--170},
    volume = {77},
    doi = {10.1111/josi.12421},
    issn = {15404560},
    keywords = {indirect contact, intergroup contact, media, social capital}
}

@article{AanhetRot2012,
    title = {{Mood disorders in everyday life: A systematic review of experience sampling and ecological momentary assessment studies}},
    year = {2012},
    journal = {Clinical Psychology Review},
    author = {aan het Rot, Marije and Hogenelst, Koen and Schoevers, Robert A.},
    number = {6},
    pages = {510--523},
    volume = {32},
    publisher = {Elsevier Ltd},
    url = {http://dx.doi.org/10.1016/j.cpr.2012.05.007},
    isbn = {0272-7358},
    doi = {10.1016/j.cpr.2012.05.007},
    issn = {02727358},
    pmid = {22721999},
    keywords = {Bipolar disorder, Event-contingent recording, Everyday life, Major depressive disorder, Mood, Within-person variation}
}

@article{Bliese2013,
    title = {{Multilevel modeling in R (2.6)}},
    year = {2013},
    journal = {An Introduction to R Notes on R: A Programming Environment for Data Analysis and Graphics},
    author = {Bliese, Paul},
    pages = {88},
    isbn = {0269216316},
    doi = {10.1177/0269216316671280},
    issn = {0269-2163},
    pmid = {27683475}
}

@article{Hassler2021,
    title = {{Need satisfaction in intergroup contact: A multinational study of pathways toward social change.}},
    year = {2021},
    journal = {Journal of Personality and Social Psychology},
    author = {H{\"{a}}ssler, Tabea and Ullrich, Johannes and Sebben, Simone and Shnabel, Nurit and Bernardino, Michelle and Valdenegro, Daniel and Van Laar, Colette and Gonz{\'{a}}lez, Roberto and Visintin, Emilio Paolo and Tropp, Linda R. and Ditlmann, Ruth K. and Abrams, Dominic and Aydin, Anna Lisa and Pereira, Adrienne and Selvanathan, Hema Preya and von Zimmermann, Jorina and Lantos, Nóra Anna and Sainz, Mario and Glenz, Andreas and Kende, Anna and Oberpfalzerov{\'{a}}, Hana and Bilewicz, Michal and Brankovi{\'{c}}, Marija and Noor, Masi and Pasek, Michael H. and Wright, Stephen C. and {\v{Z}}e{\v{z}}elj, Iris and Kuzawinska, Olga and Maloku, Edona and Otten, Sabine and Gul, Pelin and Bareket, Orly and Corkalo Biruski, Dinka and Mugnol-Ugarte, Luiza and Osin, Evgeny and Baiocco, Roberto and Cook, Jonathan E. and Dawood, Maneeza and Droogendyk, Lisa and Loyo, Angélica Herrera and Jeli{\'{c}}, Margareta and Kelmendi, Kaltrina and Pistella, Jessica},
    month = {6},
    url = {http://doi.apa.org/getdoi.cfm?doi=10.1037/pspi0000365},
    doi = {10.1037/pspi0000365},
    issn = {1939-1315}
}

@article{Graf2014,
    title = {{Negative intergroup contact is more influential, but positive intergroup contact is more common: Assessing contact prominence and contact prevalence in five Central European countries}},
    year = {2014},
    journal = {European Journal of Social Psychology},
    author = {Graf, Sylvie and Paolini, Stefania and Rubin, Mark},
    number = {6},
    month = {10},
    pages = {536--547},
    volume = {44},
    url = {https://onlinelibrary.wiley.com/doi/10.1002/ejsp.2052},
    doi = {10.1002/ejsp.2052},
    issn = {00462772}
}

@book{Dovidio2005,
    title = {{On the nature of prejudice}},
    year = {2005},
    author = {Dovidio, John F. and Glick, Peter and Rudman, Laurie A.},
    editor = {Dovidio, John F. and Glick, Peter and Rudman, Laurie A.},
    month = {1},
    publisher = {Blackwell Publishing Ltd},
    url = {http://doi.wiley.com/10.1002/9780470773963},
    address = {Oxford, UK},
    doi = {10.1002/9780470773963}
}

@incollection{Shelton2009,
    title = {{Prejudice and intergroup interaction}},
    year = {2009},
    booktitle = {Intergroup misunderstandings: Impact of divergent social realities},
    author = {Shelton, J. N. and Dovidio, J. F. and Hebl, M. and Richeson, J. A.},
    editor = {Demoulin, S. and Leyens, J.-P. and Dovidio, J. F.},
    pages = {21–38},
    publisher = {Psychology Press}
}

@article{Beelmann2014,
    title = {{Preventing prejudice and improving intergroup attitudes: A meta-analysis of child and adolescent training programs}},
    year = {2014},
    journal = {Journal of Applied Developmental Psychology},
    author = {Beelmann, Andreas and Heinemann, Kim Sarah},
    number = {1},
    pages = {10--24},
    volume = {35},
    publisher = {Elsevier Inc.},
    url = {http://dx.doi.org/10.1016/j.appdev.2013.11.002},
    doi = {10.1016/j.appdev.2013.11.002},
    issn = {01933973},
    keywords = {Adolescents, Children, Intergroup attitudes, Intervention, Meta-analysis, Prejudice}
}

@book{Hull1943,
    title = {{Principles of behavior: an introduction to behavior theory.}},
    year = {1943},
    booktitle = {Principles of behavior: an introduction to behavior theory.},
    author = {Hull, C L},
    publisher = {Appleton-Century},
    address = {Oxford, UK}
}

@misc{KreienkampMasked2022a,
    title = {{Psychological Needs During Intergroup Contact [OSF repository: materials, data, code]}},
    year = {2022},
    author = {{Masked for Peer Review}},
    url = {https://osf.io/pr9zs/?view_only=1ea47bb646694632a764dead807ef970}
}

@misc{Kreienkamp2022a,
    title = {{Psychological Needs During Intergroup Contact [OSF repository: materials, data, code]}},
    year = {2022},
    author = {Kreienkamp, Jannis and Agostini, Maximilian and Bringmann, Laura F. and de Jonge, Peter and Epstude, Kai},
    url = {https://osf.io/pr9zs/?view_only=208a53a1f0ff48dda1c17357328fa578}
}

@misc{KreienkampMasked2021f,
    title = {{Psychological needs during intergroup contact: An extensive longitudinal study (young medical professionals sample) [Preregistration]}},
    year = {2021},
    author = {{Masked for Peer Review}},
    url = {https://osf.io/r5e8c/?view_only=bfaed2196d49420385ce5fa6506a7765}
}

@misc{Kreienkamp2021f,
    title = {{Psychological Needs During Intergroup Contact: An Extensive Longitudinal Study (Young Medical Professionals Sample) [Preregistration]}},
    year = {2021},
    author = {Kreienkamp, Jannis and Agostini, Maximilan and Bringmann, Laura F. and de Jonge, Peter and Epstude, Kai},
    doi = {10.17605/OSF.IO/R5E8C}
}

@article{Pettigrew1969,
    title = {{Racially Separate or Together?}},
    year = {1969},
    journal = {Equity and Excellence in Education},
    author = {Pettigrew, Thomas F.},
    number = {1},
    pages = {36--56},
    volume = {7},
    doi = {10.1080/0020486690070103},
    issn = {15473457}
}

@article{Ajzen2019,
    title = {{Reasoned action in the service of goal pursuit.}},
    year = {2019},
    journal = {Psychological Review},
    author = {Ajzen, Icek and Kruglanski, Arie W.},
    number = {5},
    month = {10},
    pages = {774--786},
    volume = {126},
    url = {http://doi.apa.org/getdoi.cfm?doi=10.1037/rev0000155},
    doi = {10.1037/rev0000155},
    issn = {1939-1471}
}

@article{Pettigrew2011a,
    title = {{Recent advances in intergroup contact theory}},
    year = {2011},
    journal = {International Journal of Intercultural Relations},
    author = {Pettigrew, Thomas F. and Tropp, Linda R. and Wagner, Ulrich and Christ, Oliver},
    number = {3},
    pages = {271--280},
    volume = {35},
    doi = {10.1016/j.ijintrel.2011.03.001},
    issn = {01471767},
    keywords = {Indirect contact, Intergroup contact, Negative contact}
}

@article{Tropp2016,
    title = {{Recent developments in intergroup contact research: Affective processes, group status, and contact valence}},
    year = {2016},
    journal = {The Cambridge Handbook of the Psychology of Prejudice},
    author = {Tropp, Linda R. and Mazziotta, Agostino and Wright, Stephen C.},
    number = {1997},
    pages = {463--480},
    isbn = {9781316161579},
    doi = {10.1017/9781316161579.020}
}

@article{Turner2007,
    title = {{Reducing Explicit and Implicit Outgroup Prejudice Via Direct and Extended Contact: The Mediating Role of Self-Disclosure and Intergroup Anxiety}},
    year = {2007},
    journal = {Journal of Personality and Social Psychology},
    author = {Turner, Rhiannon N. and Hewstone, Miles and Voci, Alberto},
    number = {3},
    pages = {369--388},
    volume = {93},
    doi = {10.1037/0022-3514.93.3.369},
    pmid = {17723054},
    keywords = {cross-group friendship, explicit and implicit attitudes, extended contact, intergroup anxiety, self-disclosure}
}

@article{Dovidio2017,
    title = {{Reducing intergroup bias through intergroup contact: Twenty years of progress and future directions}},
    year = {2017},
    journal = {Group Processes {\&} Intergroup Relations},
    author = {Dovidio, John F. and Love, Angelika and Schellhaas, Fabian M. H. and Hewstone, Miles},
    number = {5},
    month = {9},
    pages = {606--620},
    volume = {20},
    url = {http://journals.sagepub.com/doi/10.1177/1368430217712052},
    doi = {10.1177/1368430217712052},
    keywords = {2017, april 2017, bias, categorization, collective action, contact, contact theory, group processes, health disparities, intergroup, intergroup relations, paper received 16 january, prejudice, prejudice reduction, revised version accepted 16}
}

@incollection{Pettigrew2008b,
    title = {{Reflections on Core Themes in Intergroup Research}},
    year = {2008},
    booktitle = {Improving Intergroup Relations},
    author = {Pettigrew, Thomas F.},
    editor = {Wagner, Ulrich and Tropp, Linda R. and Finchilescu, Gillian and Tredoux, Colin},
    pages = {281--303},
    publisher = {Blackwell Publishing Ltd.},
    url = {https://onlinelibrary.wiley.com/doi/10.1002/9781444303117.ch18},
    address = {Oxford, UK},
    isbn = {9781405169721},
    doi = {10.1002/9781444303117.ch18}
}

@article{Tropp2005,
    title = {{Relationships between intergroup contact and prejudice among minority and majority status groups}},
    year = {2005},
    journal = {Psychological Science},
    author = {Tropp, Linda R. and Pettigrew, T. F.},
    number = {12},
    month = {12},
    pages = {951--957},
    volume = {16},
    url = {http://pss.sagepub.com/lookup/doi/10.1111/j.1467-9280.2005.01643.x},
    isbn = {141061705X},
    doi = {10.1111/j.1467-9280.2005.01643.x},
    issn = {0956-7976}
}

@book{Ryan2017,
    title = {{Self-determination theory: Basic psychological needs in motivation, development, and wellness}},
    year = {2017},
    author = {Ryan, Richard M. and Deci, Edward L.},
    publisher = {Guilford Publications},
    address = {New York, NY}
}

@article{Rama2000,
    title = {{Some Methodological Uses of Responses to Open Questions and Other Verbatim Comments in Quantitative Surveys}},
    year = {2017},
    journal = {methods, data, analyses},
    author = {Singer, Eleanor and Couper, Mick P.},
    number = {2},
    pages = {115--134},
    volume = {11},
    doi = {10.12758/mda.2017.01},
    issn = {1245-4060}
}

@techreport{GemeenteGroningen2015,
    title = {{Stadsmonitor}},
    year = {2015},
    author = {{Masked for Peer Review}},
    address = {Masked for Peer Review, NL}
}

@article{ODonnell2021,
    title = {{Technological and analytical advancements in intergroup contact research}},
    year = {2021},
    journal = {Journal of Social Issues},
    author = {O'Donnell, Alexander W. and Friehs, Maria Therese and Bracegirdle, Chloe and Z{\'{u}}{\~{n}}iga, Claudia and Watt, Susan Ellen and Barlow, Fiona Kate},
    number = {1},
    pages = {171--196},
    volume = {77},
    doi = {10.1111/josi.12424},
    issn = {15404560},
    keywords = {experience sampling methods, intergroup contact, longitudinal, media frames, social network analysis, virtual reality}
}

@article{White2020,
    title = {{Text-based E-contact: Harnessing cooperative Internet interactions to bridge the social and psychological divide}},
    year = {2020},
    journal = {European Review of Social Psychology},
    author = {White, Fiona A. and Maunder, Rachel and Verrelli, Stefano},
    number = {1},
    pages = {76--119},
    volume = {31},
    publisher = {Routledge},
    url = {https://doi.org/10.1080/10463283.2020.1753459},
    doi = {10.1080/10463283.2020.1753459},
    issn = {1479277X},
    keywords = {E-contact, computer-mediated communication, intergroup contact, intergroup relations, prejudice}
}

@article{Kteily2015,
    title = {{The ascent of man: Theoretical and empirical evidence for blatant dehumanization.}},
    year = {2015},
    journal = {Journal of Personality and Social Psychology},
    author = {Kteily, Nour and Bruneau, Emile and Waytz, Adam and Cotterill, Sarah},
    number = {5},
    month = {11},
    pages = {901--931},
    volume = {109},
    url = {http://doi.apa.org/getdoi.cfm?doi=10.1037/pspp0000048},
    doi = {10.1037/pspp0000048},
    issn = {1939-1315},
    keywords = {10, 1037, adding to the whole, conflict, dehumanization, doi, dx, http, infrahumanization, intergroup relations, number of free persons, org, other persons, pspp0000048, representatives, shall be determined by, social dominance orientation, supp, supplemental materials, three fifths of all}
}

@book{Lewin1938,
    title = {{The conceptual representation and the measurement of psychological forces.}},
    year = {1938},
    author = {Lewin, Kurt},
    publisher = {Duke University Press},
    url = {http://content.apa.org/books/13613-000},
    address = {Durham, UK},
    doi = {10.1037/13613-000}
}

@article{Barlow2012,
    title = {{The contact caveat: Negative contact predicts increased prejudice more than positive contact predicts reduced prejudice}},
    year = {2012},
    journal = {Personality and Social Psychology Bulletin},
    author = {Barlow, Fiona Kate and Paolini, Stefania and Pedersen, Anne and Hornsey, Matthew J. and Radke, Helena R.M. and Harwood, Jake and Rubin, Mark and Sibley, Chris G.},
    number = {12},
    pages = {1629--1643},
    volume = {38},
    isbn = {0146167212457},
    doi = {10.1177/0146167212457953},
    issn = {15527433},
    pmid = {22941796},
    keywords = {contact hypothesis, negative contact, positive contact, prejudice, racism}
}

@article{Zhou2019,
    title = {{The Extended Contact Hypothesis: A Meta-Analysis on 20 Years of Research}},
    year = {2019},
    journal = {Personality and Social Psychology Review},
    author = {Zhou, Shelly and Page-Gould, Elizabeth and Aron, Arthur and Moyer, Anne and Hewstone, Miles},
    number = {2},
    pages = {132--160},
    volume = {23},
    doi = {10.1177/1088868318762647},
    issn = {10888683},
    pmid = {29671374},
    keywords = {contact hypothesis, cross-group friendship, extended contact, indirect contact, intergroup contact, vicarious contact}
}

@incollection{Pettigrew1986,
    title = {{The intergroup contact hypothesis reconsidered}},
    year = {1986},
    booktitle = {Contact and conflict in intergroup encounters},
    author = {Pettigrew, Thomas F.},
    editor = {Hewstone, Miles and Brown, Rupert},
    pages = {169–195},
    publisher = {Basil Blackwell}
}

@misc{Kreienkamp2022d,
    title = {{The Migration Experience: A Conceptual Framework and Systematic Review of Psychological Acculturation [Manuscript submitted for publication]}},
    year = {2022},
    author = {Kreienkamp, Jannis and Bringmann, Laura F. and Engler, Raili F. and de Jonge, Peter and Epstude, Kai},
    publisher = {Department of Psychology, University of Groningen}
}

@book{Allport1954b,
    title = {{The Nature of prejudice}},
    year = {1954},
    author = {Allport, Gordon W.},
    publisher = {Addison-Wesley}
}

@article{Prati2021,
    title = {{The role of positive and negative contact of migrants with native people in affecting their future interactions. Evidence from Italy and Turkey}},
    year = {2021},
    journal = {International Journal of Intercultural Relations},
    author = {Prati, Francesca and Kana Kenfack, Corine Stella and Koser Akcapar, Sebnem and Rubini, Monica},
    number = {March},
    pages = {191--203},
    volume = {85},
    doi = {10.1016/j.ijintrel.2021.09.015},
    issn = {01471767},
    keywords = {Anxiety, Immigration, Intergroup contact, Intergroup threat, Social avoidance}
}

@incollection{Stephan2008,
    title = {{The role of threats in intergroup relations}},
    year = {2008},
    booktitle = {Improving Intergroup Relations: Building on the Legacy of Thomas F. Pettigrew},
    author = {Stephan, Walter G. and Renfro, C. L. and Davis, Mark D.},
    editor = {Wagner, U. and Tropp, L. R. and Finchilescu, G. and Tredoux, C.},
    pages = {191--208},
    publisher = {Blackwell Publishing Ltd.}
}

@article{McKeown2017,
    title = {{The “contact hypothesis”: Critical reflections and future directions}},
    year = {2017},
    journal = {Social and Personality Psychology Compass},
    author = {McKeown, Shelley and Dixon, John},
    number = {1},
    pages = {1--13},
    volume = {11},
    doi = {10.1111/spc3.12295},
    issn = {17519004},
    keywords = {behavior, contact, prejudice, social change}
}

@article{Scott2017a,
    title = {{Threat and Prejudice against Syrian Refugees in Canada: Assessing the Moderating Effects of Multiculturalism, Interculturalism, and Assimilation}},
    year = {2017},
    journal = {International Journal of Intercultural Relations},
    author = {Scott, Colin and Safdar, Saba},
    number = {May},
    month = {9},
    pages = {28--39},
    volume = {60},
    publisher = {Elsevier},
    url = {http://dx.doi.org/10.1016/j.ijintrel.2017.06.003 https://linkinghub.elsevier.com/retrieve/pii/S0147176716301912},
    doi = {10.1016/j.ijintrel.2017.06.003},
    issn = {01471767},
    keywords = {Immigrant integration, Intercultural relations, Interculturalism, Intergroup ideology, Multiculturalism, Prejudice, Social dominance orientation}
}

@article{Hamaker2014,
    title = {{To center or not to center? Investigating inertia with a multilevel autoregressive model}},
    year = {2014},
    journal = {Frontiers in Psychology},
    author = {Hamaker, Ellen L. and Grasman, Raoul P.P.P.},
    number = {OCT},
    pages = {1--15},
    volume = {5},
    doi = {10.3389/fpsyg.2014.01492},
    issn = {16641078},
    keywords = {Autoregressive models, Centering, Dynamics, Inertia, Multilevel models}
}

@article{Downie2008,
    title = {{What makes for a pleasant social interaction? Motivational dynamics of interpersonal relations}},
    year = {2008},
    journal = {Journal of Social Psychology},
    author = {Downie, Michelle and Mageau, Genevieve A. and Koestner, Richard},
    number = {5},
    pages = {523--534},
    volume = {148},
    isbn = {0022-4545},
    doi = {10.3200/SOCP.148.5.523-534},
    issn = {00224545},
    pmid = {18958974},
    keywords = {Autonomy, Competence, Relatedness, Social interactions}
}

@book{Pettigrew2011,
    title = {{When groups meet: The dynamics of intergroup contact}},
    year = {2011},
    author = {Pettigrew, Thomas F. and Tropp, Linda R.},
    publisher = {Psychology Press}
}

@article{Steverink2006,
    title = {{Which social needs are important for subjective well-being? What happens to them with aging?}},
    year = {2006},
    journal = {Psychology and Aging},
    author = {Steverink, Nardi and Lindenberg, Siegwart},
    number = {2},
    pages = {281--290},
    volume = {21},
    doi = {10.1037/0882-7974.21.2.281},
    pmid = {16768575},
    keywords = {Social needs, Social production function theory, Social relationships, Subjective well-being}
}

@article{AlRamiah2012a,
    title = {{`Rallying around the flag': Can an intergroup contact intervention promote national unity?}},
    year = {2012},
    journal = {British Journal of Social Psychology},
    author = {Al Ramiah, Ananthi and Hewstone, Miles},
    number = {2},
    pages = {239--256},
    volume = {51},
    doi = {10.1111/j.2044-8309.2011.02041.x},
    issn = {01446665},
    pmid = {21793860}
}