@misc{KreienkampMasked2022a,
  title = {Need {{Fulfillment During Intergroup Contact}} [{{OSF}} Repository: Materials, Data, Code]},
  author = {{Masked for Peer Review}},
  year = {2022},
  abstract = {Kreienkamp, J., Agostini, M., Bringmann, L. F., de Jonge, P., \& Epstude, K. (2022). Psychological Needs During Intergroup Contact [OSF repository: materials, data, code].},
  howpublished = {https://osf.io/pr9zs/?view\_only=1ea47bb646694632a764dead807ef970},
  keywords = {\#duplicate-citation-key}
}

@misc{KreienkampMasked2022,
  title = {Intergroup-Contact-Needs [{{GitHub}} Repositor: Materials, Computer Code]},
  author = {{Masked for Peer Review}},
  year = {2022},
  abstract = {Kreienkamp, J., Agostini, M., Bringmann, L. F., de Jonge, P., \& Epstude, K. (2022). intergroup-contact-needs [GitHub repositor: materials, computer code]. https://janniscodes.github.io/intergroup-contact-needs/},
  keywords = {\#duplicate-citation-key}
}
